<?xml version="1.0" encoding="UTF-8"?><collection xmlns="http://www.loc.gov/MARC21/slim"><record><leader>00398nam--2200145-i-4500</leader><controlfield tag="001">000008538</controlfield><controlfield tag="002">20161230</controlfield><controlfield tag="005">20161230201027</controlfield><controlfield tag="008">060222s1000------------r-----000-0-eng-d</controlfield><datafield ind1=" " ind2=" " tag="080"><subfield code="a">061.6:001.818</subfield></datafield><datafield ind1=" " ind2=" " tag="100"><subfield code="a">Banford, A.P. And Telling, F.M</subfield></datafield><datafield ind1=" " ind2=" " tag="245"><subfield code="a">The work of the rutherford laboratory in:1967</subfield></datafield><datafield ind1=" " ind2=" " tag="260"><subfield code="a">Chilton, Rutherford Laboratory, 1967. 114 P</subfield></datafield><datafield ind1=" " ind2=" " tag="490"><subfield code="a">Rhel/R: 160</subfield></datafield><datafield ind1=" " ind2=" " tag="852"><subfield code="a">28804</subfield></datafield></record></collection>